@article{Kim2013,
   author = {Myung K. Kim},
   doi = {10.1364/OE.21.009636},
   issn = {1094-4087},
   issue = {8},
   journal = {Optics Express},
   month = {4},
   pages = {9636},
   title = {Full color natural light holographic camera},
   volume = {21},
   year = {2013},
}
@article{Yu2014,
   author = {Xiao Yu and Jisoo Hong and Changgeng Liu and Myung K. Kim},
   doi = {10.1117/1.OE.53.11.112306},
   issn = {0091-3286},
   issue = {11},
   journal = {Optical Engineering},
   month = {4},
   pages = {112306},
   title = {Review of digital holographic microscopy for three-dimensional profiling and tracking},
   volume = {53},
   year = {2014},
}
@article{Kim2020,
   author = {Myung K. Kim},
   doi = {10.1364/OL.385322},
   issn = {0146-9592},
   issue = {3},
   journal = {Optics Letters},
   month = {2},
   pages = {784},
   title = {Wide area quantitative phase microscopy by spatial phase scanning digital holography},
   volume = {45},
   year = {2020},
}

